<?xml version="1.0" encoding="UTF-8"?><collection xmlns="http://www.loc.gov/MARC21/slim"><record><leader>00537nam--2200181-i-4500</leader><controlfield tag="001">000024637</controlfield><controlfield tag="002">20161230</controlfield><controlfield tag="005">20161230201035</controlfield><controlfield tag="008">060222s1000------------r-----000-0-eng-d</controlfield><datafield ind1=" " ind2=" " tag="040"><subfield code="a">IFIN-HH</subfield></datafield><datafield ind1=" " ind2=" " tag="080"><subfield code="a">539.1:669</subfield></datafield><datafield ind1="1" ind2=" " tag="100"><subfield code="a">Hume-rothery, William</subfield></datafield><datafield ind1="1" ind2="0" tag="245"><subfield code="a">Atomic theory for students of metallurgy</subfield><subfield code="c">William hume-rothery</subfield></datafield><datafield ind1=" " ind2=" " tag="260"><subfield code="a">London</subfield><subfield code="b">The Institute Of Metals</subfield><subfield code="c">1962</subfield></datafield><datafield ind1=" " ind2=" " tag="300"><subfield code="a">VIII + 427 P</subfield></datafield><datafield ind1=" " ind2=" " tag="490"><subfield code="a">Institute Of Metals Monograph And Report Series</subfield><subfield code="v">No.3</subfield></datafield><datafield ind1=" " ind2=" " tag="852"><subfield code="a">76862</subfield><subfield code="c">539.19</subfield></datafield><datafield ind1=" " ind2=" " tag="CAT"><subfield code="a">Sys</subfield><subfield code="c">20120718</subfield><subfield code="h">114117</subfield></datafield></record></collection>